@Misc{memcached,
    key = "{Memcached}",
    title = "{Memcached}",
    month = {May},
    year = {2011},
    note = {\url{http://www.memcached.org/}},
}

@Misc{libmemcached,
    key = "{LibMemcached}",
    title = "{LibMemcached}",
    month = {May},
    year = {2011},
    note = {\url{http://www.libmemcached.org/}},
}

@Misc{amd:opteron,
    author = "{AMD, Inc}",
    title = "{Six-core AMD opteron processor features}",
    month = {May},
    year = {2011},
    note = {\url{http://www.amd.com/us/products/server/processors/six-core-opteron/Pages/six-core-opteron-key-architectural-features.aspx}},
}

@Misc{tcmalloc,
    author = "{Google, Inc}",
    title = "{Google performance tools}",
    month = {May},
    year = {2011},
    note = {\url{http://code.google.com/p/google-perftools/}},
}

@Misc{binallocator,
    author = "{D. Lea}",
    title = "{A memory allocator}",
    month = {May},
    year = {2011},
    note = {\url{http://g.oswego.edu/dl/html/malloc.html}},
}

@inproceedings{mosbench,
  author = {Boyd-Wickizer, Silas and Clements, Austin T. and Mao, Yandong and Pesterev, Aleksey and Kaashoek, M. Frans and Morris, Robert and Zeldovich, Nickolai},
  title = {An analysis of Linux scalability to many cores},
  booktitle = {Proceedings of the 9th USENIX conference on Operating systems design and implementation},
  series = {OSDI'10},
  year = {2010},
  location = {Vancouver, BC, Canada},
  pages = {1--8},
  numpages = {8},
  url = {http://portal.acm.org/citation.cfm?id=1924943.1924944},
  acmid = {1924944},
  publisher = {USENIX Association},
  address = {Berkeley, CA, USA},
} 

@inproceedings{flatcombining,
  author = {Hendler, Danny and Incze, Itai and Shavit, Nir and Tzafrir, Moran},
  title = {Flat combining and the synchronization-parallelism tradeoff},
  booktitle = {Proceedings of the 22nd ACM symposium on Parallelism in algorithms and architectures},
  series = {SPAA '10},
  year = {2010},
  isbn = {978-1-4503-0079-7},
  location = {Thira, Santorini, Greece},
  pages = {355--364},
  numpages = {10},
  url = {http://doi.acm.org/10.1145/1810479.1810540},
  doi = {http://doi.acm.org/10.1145/1810479.1810540},
  acmid = {1810540},
  publisher = {ACM},
  address = {New York, NY, USA},
  keywords = {concurrent data-structures, multiprocessors, synchronization},
} 

@inproceedings{streamflow,
  author = {Schneider, Scott and Antonopoulos, Christos D. and Nikolopoulos, Dimitrios S.},
  title = {Scalable locality-conscious multithreaded memory allocation},
  booktitle = {Proceedings of the 5th international symposium on Memory management},
  series = {ISMM '06},
  year = {2006},
  isbn = {1-59593-221-6},
  location = {Ottawa, Ontario, Canada},
  pages = {84--94},
  numpages = {11},
  url = {http://doi.acm.org/10.1145/1133956.1133968},
  doi = {http://doi.acm.org/10.1145/1133956.1133968},
  acmid = {1133968},
  publisher = {ACM},
  address = {New York, NY, USA},
  keywords = {memory management, multithreading, non-blocking, shared memory, synchronization-free},
} 
%% citations taken from nsf-motivation paper because i am too lazy

@article{stonebraker:oses,
	author = {Michael Stonebraker},
	title = {Operating system support for database management},
	journal = CACM,
	volume = {24},
	number = {7},
    pages = {412--418},
	year = {1981},
	publisher = {ACM},
	address = {New York, NY, USA},
}

@inproceedings{SEDA:welsh,
 author = {Matt Welsh and David Culler and Eric Brewer},
 title = {SEDA: an architecture for well-conditioned, scalable internet services},
 pages = {230--243},
 crossref = {SOSP18}
}

@inproceedings{flash,
 author = {Jeffrey Kuskin and David Ofelt and Mark Heinrich and John Heinlein and Richard Simoni and Kourosh Gharachorloo and John Chapin and David Nakahira and Joel Baxter and Mark Horowitz and Anoop Gupta and Mendel Rosenblum and John Hennessy},
 title = {The Stanford FLASH Multiprocessor},
 booktitle = {Proceedings of the 21st International Symposium on Computer Architecture},
 pages={302-313},
 location = {Chicago, IL},
 month = Apri,
 year = 1994
}

@InProceedings{liedtke:l3,
  author =      "J. Liedtke",
  title =      "Improving {IPC} by kernel design",
  crossref =     {SOSP15},
  pages =       "175-188",
}

@article{appavoo:k42,
 author = {Jonathan Appavoo and Dilma Da Silva and Orran Krieger and Marc Auslander and Michal Ostrowski and Bryan Rosenburg and Amos Waterland and Robert W. Wisniewski and Jimi Xenidis and Michael Stumm and Livio Soares},
 title = "{Experience distributing objects in an SMMP OS}",
 journal = TOCS,
 volume = {25},
 number = {3},
 year = {2007},
 issn = {0734-2071},
 pages = {6},
 doi = {http://doi.acm.org/10.1145/1275517.1275518},
 publisher = {ACM},
 address = {New York, NY, USA},
}

@article{mcs,
 author = {John M. Mellor-Crummey and Michael L. Scott},
 title = {Algorithms for scalable synchronization on shared-memory multiprocessors},
 journal = TOCS,
 volume = {9},
 number = {1},
 year = {1991},
 issn = {0734-2071},
 pages = {21--65},
 doi = {http://doi.acm.org/10.1145/103727.103729},
 publisher = {ACM},
 address = {New York, NY, USA},
}

@article{lrpc,
 author = {Brian N. Bershad and Thomas E. Anderson and Edward D. Lazowska and Henry M. Levy},
 title = {Lightweight remote procedure call},
 journal = TOCS,
 volume = {8},
 number = {1},
 year = {1990},
 issn = {0734-2071},
 pages = {37--55},
 doi = {http://doi.acm.org/10.1145/77648.77650},
 publisher = {ACM},
 address = {New York, NY, USA},
}

@article{fireflyrpc,
 author = {Michael D. Schroeder and Michael Burrows},
 title = {Performance of the Firefly RPC},
 journal = TOCS,
 volume = {8},
 number = {1},
 year = {1990},
 issn = {0734-2071},
 pages = {1--17},
 doi = {http://doi.acm.org/10.1145/77648.77653},
 publisher = {ACM},
 address = {New York, NY, USA},
}

@inproceedings{ranger-07,
 author = {Colby Ranger and Ramanan Raghuraman and Arun Penmetsa and Gary Bradski and Christos Kozyrakis},
 title = "{Evaluating MapReduce for Multi-core and Multiprocessor Systems}",
 booktitle = {Proceedings of the 13th International Symposium on High Performance Computer Architecture},
 year = {2007},
 pages = {13--24},
 publisher = {IEEE Computer Society},
}

@article{ousterhout:medusa,
author = {John K. Ousterhout and Donald A. Scelza and Pradeep S. Sindhu},
title = "{Medusa: An experiment in distributed operating system structure}",
journal =  CACM,
volume = 23,
number = 2,
month = February,
year = 1980
}

@inproceedings{agarwal:mcore,
 author = {Anant Agarwal and Markus Levy},
 title = {Thousand-core chips: the KILL rule for multicore},
 booktitle = {Proceedings of the 44th Annual Conference on Design Automation},
 pages = {750-753},
 year = 2007
}

@inproceedings{tornado,
 author = {Ben Gamsa and Orran Krieger and Jonathan Appavoo and Michael Stumm},
 title = {Tornado: maximizing locality and concurrency in a shared memory multiprocessor operating system},
 crossref = {OSDI99},
 pages = {87--100},
 year = {1999}
}

@phdthesis{fugu,
  title = {An efficient virtual network interface in the {FUGU} scalable workstation},
  author = {Kenneth M. Mackenzie},
  school = {Massachusetts Institute of Technology},
  year = {1998},
  month = {February},
}

@INPROCEEDINGS{fugu:hpca,
    author = {Kenneth Mackenzie and John Kubiatowicz and Victor Lee and Anant Agarwal and M. Frans Kaashoek},
    title = {Exploiting Two-Case Delivery for Fast Protected Messaging},
    booktitle = {In HPCA},
    year = {1998},
    pages = {231--242}
}
                  
@inproceedings{exo:sosp97,
  title = {Application performance and flexibility on exokernel systems},
  author = {M. Frans Kaashoek and Dawson R. Engler and Gregory R. Ganger and
H{\'e}ctor M. Brice{\~n}o and Russell Hunt and David Mazi{\`e}res and Thomas
Pinckney and Robert Grimm and John Jannotti and Kenneth Mackenzie},
  booktitle = {Proceedings of the 16th {ACM} {S}ymposium on {O}perating {S}ystems {P}rinciples ({SOSP} '97)},
  year = {1997},
  month = {October},
  address = {Saint-Mal{\^o}, France},
  pages = {52--65},
}

@InProceedings{engler:exokernel,
  author =       {Dawson R. Engler and M. Frans Kaashoek and James W. O'Toole},
  title =        {Exokernel: An Operating System Architecture for
                  Application-Level Resource Management},
  crossref =    {SOSP15},
  pages = {251--266}
}

@InProceedings{disco,
  author = "E. Bugnion and S. Devine and M. Rosenblum",
  title = "{DISCO}: running Commodity Operating Systems on Scalable Multiprocessors",
  crossref =    {SOSP16},
  pages = {143--156}
}

@InProceedings{Gough:Linux2007,
  author = "Corey Gough and Suresh Siddha and Ken Chen",
  title = "Kernel scalability---Expanding the horizon beyond fine grain locks",
  crossref =    {LINUX2007},
  pages = {153--165}
}

@inproceedings{rcu:linux,
Author="Paul E. McKenney and Dipankar Sarma and Andrea Arcangeli and Andi Kleen and Orran Krieger and Rusty Russell",
Title="Read-Copy Update",
pages="338-367",
crossref = {LINUX2002}
}

@inproceedings{numa:linux,
Author="Ray Bryant and John Hawkes and Jack Steiner and Jesse Barnes and Jeremy Higdon",
Title="Scaling Linux to the Extreme",
crossref = {LINUX2004},
pages = {133--148}
}

@inproceedings{tam:threadclustering,
 author = {David Tam and Reza Azimi and Michael Stumm},
 title = "{Thread clustering: sharing-aware scheduling on SMP-CMP-SMT multiprocessors}",
 pages = {47--58},
crossref = {EUROSYS2007}
 }

@inproceedings{veal:mcoreweb,
 author = {Bryan Veal and Annie Foong},
 title = {Performance scalability of a multi-core web server},
 booktitle = {Proceedings of the 3rd ACM/IEEE Symposium on Architecture for networking and communications systems},
 year = {2007},
 isbn = {978-1-59593-945-6},
 pages = {57--66},
 location = {Orlando, Florida, USA},
 doi = {http://doi.acm.org/10.1145/1323548.1323562},
 publisher = {ACM},
 address = {New York, NY, USA},
 }

@inproceedings{saha:mcrt,
 author = {Bratin Saha and Ali-Reza Adl-Tabatabai and Anwar Ghuloum and Mohan Rajagopalan and Richard L. Hudson and Leaf Petersen and Vijay Menon and Brian Murphy and Tatiana Shpeisman and Eric Sprangle and Anwar Rohillah and Doug Carmean and Jesse Fang},
 title = "{Enabling scalability and performance in a large-scale CMP environment}",
 pages = {73--86},
 crossref = {EUROSYS2007}
 }

@article{dean:mapreduce,
 author = {Jeffrey Dean and Sanjay Ghemawat},
 title = "{MapReduce: simplified data processing on large clusters}",
 journal = CACM,
 volume = {51},
 number = {1},
 year = {2008},
 issn = {0001-0782},
 pages = {107--113},
 doi = {http://doi.acm.org/10.1145/1327452.1327492},
 publisher = {ACM},
 address = {New York, NY, USA},
 }              

@inproceedings{chen-07,
	author    = {Shimin Chen and
               Phillip B. Gibbons and
               Michael Kozuch and
               Vasileios Liaskovitis and
               Anastassia Ailamaki and
               Guy E. Blelloch and
               Babak Falsafi and
               Limor Fix and
               Nikos Hardavellas and
               Todd C. Mowry and
               Chris Wilkerson},
	title     = "{Scheduling Threads for Constructive Cache Sharing on CMPs}",
	publisher = {ACM},
	booktitle = {Proceedings of the 19th ACM Symposium on Parallel Algorithms and Architectures},
    pages = {105--115},
	year      = {2007},
}

@inproceedings{schneider-06,
	author  = {Scott Schneider and Christos D. Antonopoulos and Dimitrios S. Nikolopoulos},
	title = "{Scalable Locality-Conscious Multithreaded Memory Allocation}",
	booktitle = {Proceedings of the 2006 ACM SIGPLAN International Symposium on Memory Management},
    pages = {84--94},
	year = {2006}
}

@inproceedings{verghese:numaos,
 author = {Ben Verghese and Scott Devine and Anoop Gupta and Mendel Rosenblum},
 title = "{Operating system support for improving data locality on CC-NUMA compute servers}",
 booktitle = {Proceedings of the 7th international conference on Architectural support for programming languages and operating systems},
 year = {1996},
 isbn = {0-89791-767-7},
 pages = {279--289},
 location = {Cambridge, Massachusetts, United States},
 doi = {http://doi.acm.org/10.1145/237090.237205},
 publisher = {ACM},
 address = {New York, NY, USA},
 }

@inproceedings{adams:vm,
 author = {Keith Adams and Ole Agesen},
 title = {A comparison of software and hardware techniques for x86 virtualization},
 booktitle = {Proceedings of the 12th international conference on Architectural support for programming languages and operating systems},
 year = {2006},
 isbn = {1-59593-451-0},
 pages = {2--13},
 location = {San Jose, California, USA},
 doi = {http://doi.acm.org/10.1145/1168857.1168860},
 publisher = {ACM},
 address = {New York, NY, USA},
 }

@inproceedings{govil:celluraldisco,
  author    = {Kinshuk Govil and
               Dan Teodosiu and
               Yongqiang Huang and
               Mendel Rosenblum},
  title     = "{Cellular Disco: resource management using virtual clusters
               on shared-memory multiprocessors}",
  crossref  = {SOSP17},
  pages     = {154-169},
}

@article{splash,
 author = {Jaswinder Pal Singh and Wolf-Dietrich Weber and Anoop Gupta},
 title = "{SPLASH: Stanford Parallel Applications for Shared-Memory}",
 journal = {Computer Architecture News},
 volume = 20,
 number = 1,
 pages = {5-44},
}

@inproceedings{Chapin95,
        author = "John Chapin and Mendel Rosenblum and Scott Devine and
                Tirthankar Lahiri and Dan Teodosiu and Anoop Gupta",
        Title = "{Hive: Fault Containment for Shared-Memory Multiprocessors}",
        crossref = {SOSP15},
        pages = {12--25},
        year = 1995 }

@inproceedings{histar,
  author = {Nickolai Zeldovich and Silas Boyd-Wickizer and Eddie Kohler and David Mazi{\`e}res},
 title = "{Making information flow explicit in HiStar}",
 booktitle = {Proceedings of the 7th Symposium on Operating Systems Design and Implementation},
 location={Seattle, WA},
 pages = {263--278},
 month = {November},
 year = 2006
}

@inproceedings{xen,
 author = {Paul Barham and Boris Dragovic and Keir Fraser and Steven Hand and Tim Harris and Alex Ho and Rolf Neugebauer and Ian Pratt and Andrew Warfield},
 title = {Xen and the art of virtualization},
 crossref = {SOSP19},
 pages = "164-177",
}

@inproceedings{salim:napi,
 author = {Jamal Hadi Salim and Robert Olsson and Alexey Kuznetsov},
 title = {Beyond softnet},
 booktitle = {Proceedings of the 5th annual conference on Linux Showcase \& Conference},
 year = {2001},
 pages = {18--18},
 location = {Oakland, California},
 publisher = {USENIX Association},
 address = {Berkeley, CA, USA},
}

@article{yotov:measuremem,
 author = {Kamen Yotov and Keshav Pingali and Paul Stodghill},
 title = {Automatic measurement of memory hierarchy parameters},
 journal = {SIGMETRICS Perform. Eval. Rev.},
 volume = {33},
 number = {1},
 year = {2005},
 issn = {0163-5999},
 pages = {181--192},
 doi = {http://doi.acm.org/10.1145/1071690.1064233},
 publisher = {ACM},
 address = {New York, NY, USA},
}



@Misc{lwip,
    author = {{lwIP}},
    note = {\URL{http://savannah.nongnu.org/projects/lwip/}}
}

@Misc{uclibc,
    author = {{uClibc}},
    note = {\URL{http://www.uclibc.org/}}
}

@Misc{linuxsymposium,
    author = {{Linux Symposium}},
    note = {\URL{http://www.linuxsymposium.org}}
}

@Misc{syslets,
    author = {{Linux kernel mailing list}},
    note = {\URL{http://kerneltrap.org/node/7728}}
}

@Misc{efsl,
    author = {{EFSL}},
    note = {\URL{http://efsl.be}}
}

@Misc{aas:scheduler,
    author = {Josh Aas},
    title = "{Understanding the Linux 2.6.8.1 CPU scheduler}",
    month = {February},
    year = {2005},
    note = {\URL{http://josh.trancesoftware.com/linux/}},
}

@Misc{cfs,
    author = {{Linux kernel mailing list}},
    note = {\URL{http://kerneltrap.org/node/8059}}
}

@Misc{libnuma,
    author = {Andi Klein},
    title = "{An {NUMA} {API} for Linux}",
    month = {August},
    year = {2004},
    note = {\URL{http://www.firstfloor.org/~andi/numa.html}}
}


@Misc{amd:svm,
    author = {AMD},
    title = "{AMD64 Virtualization Codenamed "Pacifica" Technology: Secure Virtual Machine Architecture Reference Manual}",
    month = May,
    year = 2005,
}

@Misc{oprofile,
    author = {{OProfile}},
    note = {\URL{http://oprofile.sourceforge.net/}}
}

@string{POT = {Proceedings of the }}
@string{SOSP = "ACM Symposium on Operating Systems Principles"}
@string{OSDI = "Symposium on Operating Systems Design and Implementation"}
@string{LINUX = "Linux Symposium"}
@string{TOCS = {ACM Transactions on Computer Systems}}
@string{OSR = {ACM SIGOPS Operating System Review}}
@string{CACM = {Communications of the ACM}}
@string{EUROSYS = "ACM SIGOPS/EuroSys European Conference on Computer Systems"},

@Proceedings{SOSP15,
  title =        POT # " 15th " # SOSP,
  booktitle =    POT # " 15th " # SOSP,
  year =         1995,
  month =        {December},
  address =     {Copper Mountain, CO},
  organization= "ACM"
}

@Proceedings{SOSP16,
  title =        POT # " 16th " # SOSP,
  booktitle =    POT # " 16th " # SOSP,
  month =        {October},
  year =         1997,
  address =     {Saint-Malo, France},
  organization= "ACM"
}

@Proceedings{SOSP17,
  title =        POT # " 17th " # SOSP,
  booktitle =    POT # " 17th " # SOSP,
  month =        {October},
  year =         1999,
  address =     {Kiawah Island, SC},
  organization= "ACM"
}

@Proceedings{SOSP18,
  title =        POT # " 18th " # SOSP,
  booktitle =    POT # " 18th " # SOSP,
  month =        {October},
  year =         2001,
  address =     {Banff, Canada},
  organization= "ACM"
}

@Proceedings{SOSP19,
  title =        POT # " 19th " # SOSP,
  booktitle =    POT # " 19th " # SOSP,
  year =         2003,
  month =        {October},
  address =     {Bolton Landing, NY, USA},
  organization= "ACM"
}

@Proceedings{LINUX2007,
  title =        POT # " " # LINUX # " 2007",
  booktitle =    POT # " " # LINUX # " 2007",
  month =        {June},
  year =         2007,
  address =     {Ottawa, Ontario},
}

@Proceedings{LINUX2002,
  title =        POT # " " # LINUX # " 2002",
  booktitle =    POT # " " # LINUX # " 2002",
  month =        {June},
  year =         2002,
  address =     {Ottawa, Ontario},
}

@Proceedings{LINUX2004,
  title =        POT # " " # LINUX # " 2004",
  booktitle =    POT # " " # LINUX # " 2004",
  month =        {June},
  year =         2004,
  address =     {Ottawa, Ontario},
}

@proceedings{OSDI99,
  booktitle = POT # " 3rd " # OSDI}",
  year = 1999, 
  month = feb,
}

@proceedings{EUROSYS2007,
 booktitle =  POT # " 2nd " #  EUROSYS,
 year = {2007},
 location = {Lisbon, Portugal},
 publisher = {ACM},
 address = {New York, NY, USA},
}

@Misc{AMD_Tech_Doc,
    author = {{AMD}},
    note = {\URL{http://www.amd.com/us-en/assets/content\_type/white\_papers\_an
d\_tech\_docs/40546.pdf}}
}

@Misc{anandtech,
    author = {{Anandtech}},
    note = {\URL{http://www.anandtech.com/printarticle.aspx?i=3091}}
}

@Misc{AMD_Dev_Article,
    author = {{AMD}},
    note = {\URL{http://developer.amd.com/TechnicalArticles/Articles/Pages/8142007173\_4.aspx}}
}

@Misc{techarp,
    author = {{Techarp}},
    note = {\URL{http://www.techarp.com/showarticle.aspx?artno=424\&pgno=2}}
}

@article{lauer:79,
 author = {Hugh C. Lauer and Roger M. Needham},
 title = {On the duality of operating system structures},
 journal = {SIGOPS Oper. Syst. Rev.},
 volume = {13},
 number = {2},
 year = {1979},
 issn = {0163-5980},
 pages = {3--19},
 publisher = {ACM},
 address = {New York, NY, USA},
 }

@INPROCEEDINGS{alewife,
    author = {Anant Agarwal and Ricardo Bianchini and David Chaiken and David Kranz and John Kubiatowicz and Beng-Hong Lim and Kenneth Mackenzie and Donald Yeung},
    title = {The {MIT} {Alewife} machine: Architecture and performance},
    booktitle = {In Proceedings of the 22nd Annual International Symposium on Computer Architecture},
    year = {1995},
    pages = {2--13}
}

@inproceedings{voneicken92active,
    author = "Thorsten von Eicken and David E. Culler and Seth Copen Goldstein and Klaus Erik Schauser",
    title = "Active Messages: {A} Mechanism for Integrated Communication and Computation",
    booktitle = "19th International Symposium on Computer Architecture",
    address = "Gold Coast, Australia",
    pages = "256--266",
    year = "1992",
    url = "citeseer.ist.psu.edu/eicken92active.html" }

@article{orca:tocs,
 author = {Henri E. Bal and Raoul Bhoedjang and Rutger Hofman and Ceriel Jacobs and Koen Langendoen and Tim R\"{u}hl and M. Frans Kaashoek},
 title = {Performance evaluation of the {Orca} shared-object system},
 journal = {ACM Trans. Comput. Syst.},
 volume = {16},
 number = {1},
 year = {1998},
 issn = {0734-2071},
 pages = {1--40},
 doi = {http://doi.acm.org/10.1145/273011.273014},
 publisher = {ACM},
 address = {New York, NY, USA},
 }

@inproceedings{K42:eurosys,
 author = {Dilma Da Silva and Orran Krieger and Robert W. Wisniewski and Amos Waterland and David Tam and Andrew Baumann},
 title = {K42: an infrastructure for operating system research},
 booktitle = {Proc. Eurosys 2006},
 year = {2006},
 pages = {34--42},
 }

@inproceedings{flash:mp,
 author = {John Heinlein and Kourosh Gharachorloo and Scott Dresser and Anoop Gupta},
 title = {Integration of message passing and shared memory in the Stanford FLASH multiprocessor},
 booktitle = {ASPLOS-VI: Proceedings of the sixth international conference on Architectural support for programming languages and operating systems},
 year = {1994},
 isbn = {0-89791-660-3},
 pages = {38--50},
 location = {San Jose, California, United States},
 }

@inproceedings{reinhardt94tempest,
    author = "S. K. Reinhardt and J. R. Larus and D. A. Wood",
    title = "Tempest and Typhoon: User-Level Shared Memory",
    booktitle = "Proc. of the 21th Annual Int'l Symp. on Computer Architecture ({ISCA}'94)",
    pages = "325--337",
    year = "1994",
    url = "citeseer.ist.psu.edu/reinhardt94tempest.html" }

@inproceedings{cho:micro,
 author = {Sangyeun Cho and Lei Jin},
 title = {Managing Distributed, Shared L2 Caches through OS-Level Page Allocation},
 booktitle = {MICRO 39: Proceedings of the 39th Annual IEEE/ACM International Symposium on Microarchitecture},
 year = {2006},
 pages = {455--468},
 }

@inproceedings{corey:osdi,
  author = {Silas Boyd-Wickizer and Haibo Chen and Rong Chen and Yandong Mao and Frans Kaashoek and Robert Morris and Aleksey Pesterev and Lex Stein and Ming Wu and Yuehua Dai and Yang Zhang and Zheng Zhang},
  title = {Corey: an operating system for many cores},
  booktitle = {Proc. OSDI 2008},
  year = 2008
}

@inproceedings{weissman:asplos,
 author = {Boris Weissman},
 title = {Performance counters and state sharing annotations: a unified approach to thread locality},
 booktitle = {ASPLOS-VIII: Proceedings of the eighth international conference on Architectural support for programming languages and operating systems},
 year = {1998},
 pages = {127--138},
 location = {San Jose, California, United States},
 }

@article{bellosa:locality,
 author = {Frank Bellosa and Martin Steckermeier},
 title = {The performance implications of locality information usage in shared-memory multiprocessors},
 journal = {J. Parallel Distrib. Comput.},
 volume = {37},
 number = {1},
 year = {1996},
 issn = {0743-7315},
 pages = {113--121},
 }

@inproceedings{olden,
 author = {Martin C. Carlisle and Anne Rogers},
 title = {Software caching and computation migration in {Olden}},
 booktitle = {Proc. 5th PPoPP},
 year = {1995},
 }

@inproceedings{hsieh:sc,
 author = {Wilson C. Hsieh and M. Frans Kaashoek and William E. Weihl},
 title = {Dynamic computation migration in DSM systems},
 booktitle = {Supercomputing '96: Proceedings of the 1996 ACM/IEEE conference on Supercomputing (CDROM)},
 year = {1996},
 location = {Pittsburgh, Pennsylvania, United States},
 address = {Washington, DC, USA},
 }

@article{COOL,
 author = {Rohit Chandra and Anoop Gupta and John L. Hennessy},
 title = {COOL: An Object-Based Language for Parallel Programming},
 journal = {Computer},
 volume = {27},
 number = {8},
 year = {1994},
 issn = {0018-9162},
 pages = {13--26},
 }

@techreport{fowler92improving,
    author = "Robert J. Fowler and Leonidas I. Kontothanassis",
    title = "Improving Processor and Cache Locality in Fine-Grain Parallel Computations using Object-Affinity Scheduling and Continuation Passing",
    number = "TR411",
    year = "1992",
    url = "citeseer.ist.psu.edu/fowler92improving.html" }


@inproceedings{koushik:csp,
 author = {Koushik Chakraborty and Philip M. Wells and Gurindar S. Sohi},
 title = {Computation spreading: employing hardware migration to specialize CMP cores on-the-fly},
 booktitle = {ASPLOS-XII: Proceedings of the 12th international conference on Architectural support for programming languages and operating systems},
 year = {2006},
 isbn = {1-59593-451-0},
 pages = {283--292},
 location = {San Jose, California, USA},
 }

@inproceedings{uia:osdi06,
  title = {Persistent Personal Names for Globally Connected Mobile Devices},
  author = {Bryan Ford and Jacob Strauss and Chris Lesniewski-Laas and Sean Rhea
and Frans Kaashoek and Robert Morris},
  booktitle = {Proceedings of the 7th {USENIX} {S}ymposium on {O}perating
{S}ystems {D}esign and {I}mplementation ({OSDI} '06)},
  year = {2006},
  month = {November},
  address = {Seattle, Washington},
}

@inproceedings{corey:osdi08,
  title = {Corey: An Operating System for Many Cores},
  author = {Silas Boyd-Wickizer and Haibo Chen and Rong Chen and 
                  
Yandong Mao and Frans Kaashoek and Robert Morris and 
                   Aleksey
Pesterev and Lex Stein and Ming Wu and Yuehua 
                   Dai and Yang
Zhang and Zheng Zhang},
  booktitle = {Proceedings of the 8th {USENIX} {S}ymposium on {O}perating
{S}ystems {D}esign and {I}mplementation ({OSDI} '08)},
  year = {2008},
  month = {December},
  address = {San Diego, California},
}
                  
@inproceedings{pastwatch:nsdi,
    title   = {Pastwatch: A Distributed Version Control System},
    author  = {Alex Yip and Benjie Chen and Robert Morris},
    booktitle= POT # {3rd NSDI},
    month    = may,
    year     = 2006,
}

@inproceedings{ivy,
    title   = {Ivy: A Read/Write Peer-to-Peer File System},
    author  = {Athicha Muthitacharoen and Robert Morris and Thomer M. Gil and Benjie Chen},
    booktitle= POT # {5th OSDI},
    month    = dec,
    year     = 2002,
}
                  
@InProceedings{krohn:flume,
    author =	{Maxwell Krohn and Alexander Yip and Micah Brodsky and Natan Cliffer and M. Frans Kaashoek and Eddie Kohler and Robert Morris},
    title =	{Information Flow Control for Standard {OS} Abstractions},
    crossref =	{SOSP21},
    pages =	{321--334}
}

@InProceedings{efstathopoulos:asbestos,
  author = 	 {Petros Efstathopoulos and Maxwell Krohn
                  and Steve VanDeBogart and Cliff Frey
                  and David Ziegler and Eddie Kohler
                  and David Mazi{\`e}res
                  and Frans Kaashoek and Robert Morris},
  title = 	 {Labels and Event Processes in the {A}sbestos Operating System},
  crossref =	 {SOSP20},
  pages =	 {17--30}
}

@InProceedings{perl:osdi96,
    author = {Sharon E. Perl and Richard L. Sites},
    title = {Studies of Windows NT Performance using dynamic execution traces},
    booktitle = {Proc. of OSDI},
    pages = {169--183},
                  year = 1996
}

@Misc{terascale,
    title = "{Intel's Teraflops Research Chip}",
    note = {\URL{http://www.intel.com/go/terascale}},
}

@inproceedings{o2:hotos09,
  title = {Reinventing Scheduling for Multicore Systems},
  author = {Silas Boyd-Wickizer and Robert Morris and M. Frans Kaashoek},
  booktitle = {Proceedings of the 12th {W}orkshop on {H}ot {T}opics in
{O}perating {S}ystems ({HotOS-XII})},
  year = {2009},
  month = {May},
  address = {Monte Verit{\`a}, Switzerland},
}

@article{seiler:larrabee,
  author = {Seiler, Larry and Carmean, Doug and Sprangle, Eric and Forsyth, Tom and 
Abrash, Michael and Dubey, Pradeep and Junkins, Stephen and Lake, Adam and Sugerman,
 Jeremy and Cavin, Robert and Espasa, Roger and Grochowski, Ed and Juan, Toni and Ha
nrahan, Pat},
  title = {Larrabee: a many-core x86 architecture for visual computing},
  journal = {ACM Trans. Graph.},
  volume = {27},
  number = {3},
  year = {2008},
  issn = {0730-0301},
  pages = {1--15},
  doi = {http://doi.acm.org/10.1145/1360612.1360617},
  publisher = {ACM},
  address = {New York, NY, USA},
}

@article{wentzlaff:fos,
 author = {Wentzlaff, David and Agarwal, Anant},
 title = {Factored operating systems (fos): the case for a scalable operating system
 for multicores},
 journal = {SIGOPS Oper. Syst. Rev.},
 volume = {43},
 number = {2},
 year = {2009},
 pages = {76--85},
 }

@inproceedings{tam:rapidmrc,
 author = {Tam, David K. and Azimi, Reza and Soares, Livio B. and Stumm, Michael},
 title = {{RapidMRC}: approximating {L2} miss rate curves on commodity systems for o
nline optimizations},
 booktitle = {ASPLOS '09: Proceeding of the 14th international conference on Archite
ctural support for programming languages and operating systems},
 year = {2009},
 pages = {121--132},
 location = {Washington, DC, USA},
 }

@inproceedings{suleman:acs,
 author = {Suleman, M. Aater and Mutlu, Onur and Qureshi, Moinuddin K. and Patt, Yal
e N.},
 title = {Accelerating critical section execution with asymmetric multi-core archite
ctures},
 booktitle = {ASPLOS '09: Proceeding of the 14th international conference on Archite
ctural support for programming languages and operating systems},
 year = {2009},
 pages = {253--264},
 location = {Washington, DC, USA},
 }

@inproceedings{tam:sharedl2,
  author = {D. Tam and R. Amzi and L. Soares and M. Stumm},
  title = {Managing shared {L2} caches on multicore systems in software},
  booktitle = {Workshop on Interaction between operating systems and computer archit
ecture},
  year = {2007},
  month = {June},
  pages = {27--23}
}

@inproceedings{lin:partitionl2,
  author = { J. Lin and Q. Lu and X. Ding and Z. Zhang and X. Zhang and P. Sadayappa
n},
  title = {Gaining insights into multicore cache partitioning: bridging the gap betw
een simulation and real systems},
  booktitle = {International Symposium on High-Performance Computer Architecture},
 pages = {367--378},
 month = {February}, 
 year = 2008
}

@inproceedings{soares:pollute,
  author = { L. Soares and D. Tam and M. Stumm},
  title = {Reducing the harmful effects of last-level cache polluters with {OS}-leve
l, software-only pollute buffer},
  booktitle = {41rst International Symposium on Microarchitecture (MICRO)},
  pages = {258--269},
  year = 2008,
  month = {November}
}

@article{wentzlaff:tile,
  author = {David Wentzlaff and Patrick Griffin and Henry Hoffmann and Liewei Bao an
d Bruce Edwards and Carl Ramey and Matthew Mattina and Chyi-Chang Miao and John F. B
rown III and Anant Agarwal},
  title = {On-Chip Interconnection Architecture of the Tile Processor},
  journal ={IEEE Micro},
  volume = {27},
  number = {5},
  issn = {0272-1732},
  year = {2007},
  pages = {15-31},
  doi = {http://doi.ieeecomputersociety.org/10.1109/MM.2007.89},
  publisher = {IEEE Computer Society},
  address = {Los Alamitos, CA, USA},
}

@article{strong:switch,
 author = {Strong,, Richard and Mudigonda,, Jayaram and Mogul,, Jeffrey and Binkert,
, Nathan and Tullsen,, Dean},
 title = {Fast switching of threads between cores},
 journal = {ACM SIGOPS Operating Systems Review},
 volume = 32,
 number = 2,
 year = 2009,
 month = {April}
}


@inproceedings{zhang:pagecolor,
 author = {Zhang, Xiao and Dwarkadas, Sandhya and Shen, Kai},
 title = {Towards practical page coloring-based multicore cache management},
 booktitle = {EuroSys '09: Proceedings of the 4th ACM European conference on Compute
r systems},
 year = {2009},
 pages = {89--102},
 location = {Nuremberg, Germany},
 }

@article{mogul:micro,
 author = {J. Mogul and J. Mudigonda and N. Binkert and P. Ranganathan and V. Talwar
},
 title = {Using asymmetric single-ISA CMPs to save energy on operating systems},
 journal = {IEEE Micro},
 year = {2008},
 month = {May-June},
 pages = {26--41}
 }

@InProceedings{barrelfish,
  title = {{Embracing diversity in the Barrelfish manycore operating system.}}, 
  author = {Adrian Sch{\"u}pbach and Simon Peter and Andrew Baumann and Timothy
  Roscoe and Paul Barham and Tim Harris and Rebecca Isaacs},
  booktitle = {Proceedings of the Workshop on Managed Many-Core Systems (MMCS)},
  year = {2008},
  month = {June},
  address = {Boston, MA, USA},
  note = {}
}

@InProceedings{tadip:pact08,
    author = {A. Jaleel and W. Hasenplaugh and M. Qureshi and J. Sebot and S. Steely
 and J. Emer},
    title = {Adaptive Insertion Policies for managing shared caches},
    booktitle = {Proc. PACT'08},
    month = oct,
    year = 2008,
}

@INPROCEEDINGS{Qureshi04microarchitecture-basedintrospection:,
    author = {Moinuddin K. Qureshi and Moinuddin K. Qureshi and Onur Mutlu and Onur Mutlu and Yale N. Patt},
    title = {Microarchitecture-Based Introspection: A Technique for Transient-Fault Tolerance in Microprocessors},
    booktitle = {In Proceedings of the 2005 International Conference on Dependable Systems and Networks (DSN 2005},
    year = {2004},
    pages = {434--443}
}


@INPROCEEDINGS{romm,
    author = {Ted Nesson and S. Lennart Johnsson} ,
    title = "{ROMM Routing: A Class of Efficient Minimal Routing Algorithms}",
    booktitle = {in Proc. Parallel Computer Routing and Communication Workshop},
    year = {1994},
    pages = {185--199}
}


@inproceedings{valiant,
  author = {L. G. Valiant and G. J. Brebner},
  title = "{Universal schemes for parallel communication}",
  booktitle = {STOC '81: Proceedings of the thirteenth annual ACM symposium on Theory of computing},
  year = {1981},
  pages = {263--277}
}


@inproceedings{o1turn,
  author = {Daeho Seo and Akif Ali and Won-Taek Lim and Nauman Rafique and Mithuna Thottethodi},
  title = "{Near-Optimal Worst-Case Throughput Routing for Two-Dimensional Mesh Networks}",
  booktitle = {Proceedings of the 32nd Annual International Symposium on Computer Architecture (ISCA 2005)},
  year = {2005},
  pages = {432--443}
}


@inproceedings{kinsy-isca09,
  author = "Michel Kinsy and Myong Hyon Cho and Tina Wen and Edward Suh and Marten van Dijk and Srinivas Devadas",
  title = "{Application-Aware Deadlock-Free Oblivious Routing}",
  booktitle = "Proceedings of the Int'l Symposium on Computer Architecture",
  month = "June",
  year = "2009"
}


@inproceedings{shim-nocs-09,
  author = "K. S. Shim and M. H. Cho and M. Kinsy and T. Wen and M. Lis and G. E. Suh and S. Devadas",
  title = "{Static Virtual Channel Allocation in Oblivious Routing}",
  booktitle = "Proceedings of the $3^{rd}$ ACM/IEEE International Symposium on Networks-on-Chip",
  month = "May",
  year = "2009"
}


@inproceedings{ban-pact-2009,
  author =       "M. H. Cho and M. Lis and K. S. Shim and M. Kinsy and T. Wen and S. Devadas",
  title =        "{Oblivious Routing in On-Chip Bandwidth-Adaptive Networks}",
  institution =  "Massachusetts Institute of Technology",
  year =         "2009",
  month =        sep,
  booktitle = "Proceedings of the $18^{th}$ International Conference on Parallel Architectures and Compilation Techniques (PACT)",
}


@article{ariadne-allen-1994,
   author = {Allen, J. D. and Gaughan, P. T. and Schimmel, D. E. and Yalamanchili, S.},
   title = {{Ariadne---an adaptive router for fault-tolerant multicomputers}},
   journal = {SIGARCH Comput. Archit. News},
   volume = {22},
   number = {2},
   year = {1994}
}


@inproceedings{cavallino,
   author = {Carbonaro, J. and Verhoorn, S.},
   title = {{Cavallino: The Teraflops Router and NIC}},
   booktitle = {Proceedings of the Fourth Symp. High-Performance Interconnects (Hot Interconnects 4)},
   month = {August},
   year = {1996}
}


@inproceedings{ndf,
    author = {W. J. Dally and P. Song},
    title = {{Design of a self-timed VLSI multicomputer communication controller}},
    booktitle = {Proceedings of International Conference on Computer Design (ICCD-87)},
    pages = {230-234},
    year = {1987}
}




@inproceedings{nuth-dally-1992,
  author = {P. R. Nuth and W. J. Dally},
  title = "{The J-machine Network}",
  booktitle = {Proceedings of the IEEE Conference on Computer Design: VLSI in Computers and Processors},
  year = {1992},
  pages = {420-423}
}


@inproceedings{binoc-09,
  author = "Y-C. Lan and S-H. Lo and Y-C. Lin and Y-H. Hu and S-J. Chen",
  title = "{BiNoC: A Bidirectional NoC Architecture with Dynamic Self-Reconfigurable Channel}",
  booktitle = "Proceedings of the $3^{rd}$ ACM/IEEE International Symposium on Networks-on-Chip",
  month = "May",
  year = "2009"
}


@inproceedings{Murali:2006,
  Author = {S. Murali and D. Atienza and L. Benini and G. De Micheli},
  Booktitle = {Proceedings of DAC~2006},
  Month = {July},
  Pages = {845--848},
  Title = {{A multi-path routing strategy with guaranteed in-order packet delivery and fault-tolerance for networks on chip}},
  Year = {2006}
}

@article{Cerf:1974,
	Author = {V. G. Cerf and R. E. Kahn},
	Journal = {IEEE Trans. Comm.},
	Month = {May},
	Pages = {637--648},
	Title = {{A Protocol for Packet Network Communication}},
	Volume = {22},
	Year = {1974}
}


@Techreport{rfc0675,
  author = "V. G. Cerf and Y. Dalal and C. Sunshine",
  title = "{Specification of Internet Transmission Control Program}",
  type = "RFC",
  institution = "Internet Engineering Task Force",
  number = 675,
  days = 15,
  month = dec,
  year = 1974,
}

@Techreport{rfc0793,
  author = "J. Postel",
  title = "{Transmission Control Protocol}",
  type = "RFC",
  institution = "Internet Engineering Task Force",
  number = 793,
  days = 15,
  month = sep,
  year = 1981,
}

@inproceedings{jerger2008,
    author = {Enright Jerger, Natalie D. and Peh, Li-Shiuan and Lipasti, Mikko H.},
    title = {Virtual tree coherence: Leveraging regions and in-network multicast trees for scalable cache coherence},
    booktitle = {MICRO '08: Proceedings of the 2008 41st IEEE/ACM International Symposium on Microarchitecture},
    year = {2008},
    pages = {35--46},
    publisher = {IEEE Computer Society},
    address = {Washington, DC, USA},
}


@inproceedings{multicast-peh-isca08,
  author = {Natalie Enright Jerger and Li-Shiuan Peh and Mikko Lipasti},
  title = "{Virtual Circuit Tree Multicasting: A Case for On-Chip Hardware Multicast
  Support}",
  booktitle = {ISCA '08: Proceedings of the 35th annual international symposium on Computer architecture},
  year = {2008}
}

@InProceedings{Eisley:2006:INC,
  author =       "Noel Eisley and Li-Shiuan Peh and Li-Shang",
  title =        "In-Network Cache Coherence",
  booktitle =    "Proc. of the 39th Annual Intl. Symp. on
                 Microarchitecture (MICRO)",
  year =         "2006",
}

@inproceedings{rodrigo-micro08,
	author = {Rodrigo, Samuel and Flich, Jose and Duato, Jose and Hummel, Mark},
	title = {Efficient unicast and multicast support for CMPs},
	booktitle = {MICRO '08: Proceedings of the 2008 41st IEEE/ACM International Symposium on Microarchitecture},
	year = {2008},
	isbn = {978-1-4244-2836-6},
	pages = {364--375},
	doi = {http://dx.doi.org/10.1109/MICRO.2008.4771805},
	publisher = {IEEE Computer Society},
	address = {Washington, DC, USA},
}

@inproceedings{wang-nocs-09,
  author = "L. Wang and Y. Jin and H. Kim and E. J. Kim",
  title = "{Recursive Partitioning Multicast: A Bandwidth-Efficient Routing for Networks-On-Chip}",
  booktitle = "Proceedings of the $3^{rd}$ ACM/IEEE International Symposium on Networks-on-Chip",
  month = "May",
  year = "2009"
}

@inproceedings{inso-peh-hpca09,
  author = {Niket Agarwal, Li-Shiuan Peh and Niraj K. Jha},
  title = "{In-Network Snoop Ordering (INSO): Snoopy Coherence on Unordered Interconnects}",
  booktitle = {HPCA '09: Proceedings of 15th International Symposium on High-Performance Computer Architecture},
  year = {2009}
}

@inproceedings{edvca-09,
  author = {},
  title = "{Dynamic Virtual Channel Allocation with Guaranteed In-order Packet Delivery}",
  booktitle = {submitted},
  year = {2009}
}

@inproceedings{pin,
    author = {Luk, Chi-Keung and Cohn, Robert and Muth, Robert and
	      Patil, Harish and Klauser, Artur and Lowney, Geoff and
	      Wallace, Steven and Reddi, Vijay Janapa and Hazelwood, Kim},
    title = {Pin: building customized program analysis tools with dynamic instrumentation},
    crossref = {PLDI05},
    pages = {190--200},
}

@inproceedings{memspy,
    author = {Margaret Martonosi and Anoop Gupta and Thomas Anderson},
    title = {MemSpy: Analyzing Memory System Bottlenecks in Programs},
    booktitle = POT # {ACM SIGMETRICS Conf. on Measurement and Modeling of Computer Systems},
    year = {1992},
    pages = {1--12}
}

@inproceedings{chang-sohi-2007,
 author = {Chang, Jichuan and Sohi, Gurindar S.},
 title = {Cooperative cache partitioning for chip multiprocessors},
 booktitle = {ICS '07: Proceedings of the 21st annual international conference on Supercomputing},
 year = {2007},
 pages = {242--252}
}

@inproceedings{suh-hpca-02,
 author = {Suh, G. Edward and Devadas, Srinivas and Rudolph, Larry},
 title = {A New Memory Monitoring Scheme for Memory-Aware Scheduling and Partitioning},
 booktitle = {HPCA '02: Proceedings of the 8th International Symposium on High-Performance Computer Architecture},
 year = {2002},
 pages = {117}
}

@InProceedings{valgrind,
    author      = {Nicholas Nethercote and Julian Seward},
    title       = {Valgrind: A Framework for Heavyweight Dynamic Binary Instrumentation},
    crossref    = {PLDI07},
    pages       = {89--100},
}

@Misc{clamav,
    author = {{ClamAV}},
    note = {\URL{http://www.clamav.net/}}
}


@inproceedings{frigo:oblivious,
 author = {Frigo, Matteo and Leiserson, Charles E. and Prokop, Harald and Ramachandran, Sridhar},
 title = {Cache-Oblivious Algorithms},
 booktitle = {FOCS '99: Proceedings of the 40th Annual Symposium on Foundations of Computer Science},
 year = {1999},
 isbn = {0-7695-0409-4},
 pages = {285},
}

@article{lamarca:cacheaware,
 author = {LaMarca, Anthony and Ladner, Richard E.},
 title = {The influence of caches on the performance of sorting},
 journal = {J. Algorithms},
 volume = {31},
 number = {1},
 year = {1999},
 pages = {66--104},
 }



@InProceedings{chord:sigcomm,
        author="Ion Stoica and Robert Morris and David Karger and M. Frans Kaashoek and Hari Balakrishnan",
        title="Chord: A Scalable Peer-to-peer Lookup Service for {I}nternet Applications",
  booktitle = "Proc. {ACM} SIGCOMM Conference",
        year=2001,
        month = aug,
        note = "Led to award of the IEEE William Bennett Prize."
}



@inproceedings{ron:sosp01,
  title = {Resilient Overlay Networks},
  author = {David Andersen and Hari Balakrishnan and M. Frans Kaashoek and
Robert Morris},
  booktitle = {Proc. {ACM} {S}ymposium on {O}perating
{S}ystems {P}rinciples ({SOSP})},
  year = {2001},
  month = {October},
}


@InProceedings{cfs:sosp,
  author =       "Frank Dabek and M. Frans Kaashoek and David Karger and Robert Morris and Ion Stoica",
  title =        "Wide-area cooperative storage with {CFS}",
  booktitle =    {Proc. {ACM} {S}ymposium on {O}perating {S}ystems {P}rinciples ({SOSP})},
  year =         2001,
  month =        oct
}

@inproceedings{grid,
  title = "A Scalable Location Service for Geographic Ad Hoc Routing",
  author = "Jinyang Li and John Jannotti and Douglas S. J. De Couto and David R. Karger and Robert Morris",
  booktitle = "Proc. {ACM} Mobicom Conference",
  year = 2000, month = aug, location = "Boston",
}

@inproceedings{exor-sigcomm05,
  title = "Opportunistic Routing in Multi-Hop Wireless Networks",
  author = "Sanjit Biswas and Robert Morris",
  booktitle = "Proc. {ACM} SIGCOMM Conference",
  year = 2005, 
  month = aug,
  note = "Won best student paper award."
}

@inproceedings{micah,
  title = {In Defense of Wireless Carrier Sense},
  author = {Micah Brodsky and Robert Morris},
  booktitle = "Proc. {ACM} SIGCOMM Conference",
  year = {2009}, 
  month = {August},
  address = {Barcelona}
}

@preamble{ "\newcommand{\noopsort}[1]{} "
	# "\newcommand{\printfirst}[2]{#1} "
	# "\newcommand{\singleletter}[1]{#1} "
	# "\newcommand{\switchargs}[2]{#2#1} " }

@ARTICLE{article-minimal,
   author = {L[eslie] A. Aamport},
   title = {The Gnats and Gnus Document Preparation System},
   journal = {\mbox{G-Animal's} Journal},
   year = 1986,
}

@ARTICLE{article-full,
   author = {L[eslie] A. Aamport},
   title = {The Gnats and Gnus Document Preparation System},
   journal = {\mbox{G-Animal's} Journal},
   year = 1986,
   volume = 41,
   number = 7,
   pages = "73+",
   month = jul,
   note = "This is a full ARTICLE entry",
}

The KEY field is here to override the KEY field in the journal being
cross referenced (so is the NOTE field, in addition to its imparting
information).

@ARTICLE{article-crossref,
   crossref = {WHOLE-JOURNAL},
   key = "",
   author = {L[eslie] A. Aamport},
   title = {The Gnats and Gnus Document Preparation System},
   pages = "73+",
   note = "This is a cross-referencing ARTICLE entry",
}

@ARTICLE{whole-journal,
   key = "GAJ",
   journal = {\mbox{G-Animal's} Journal},
   year = 1986,
   volume = 41,
   number = 7,
   month = jul,
   note = {The entire issue is devoted to gnats and gnus
		(this entry is a cross-referenced ARTICLE (journal))},
}

@INBOOK{inbook-minimal,
   author = "Donald E. Knuth",
   title = "Fundamental Algorithms",
   publisher = "Addison-Wesley",
   year = "{\noopsort{1973b}}1973",
   chapter = "1.2",
}

@INBOOK{inbook-full,
   author = "Donald E. Knuth",
   title = "Fundamental Algorithms",
   volume = 1,
   series = "The Art of Computer Programming",
   publisher = "Addison-Wesley",
   address = "Reading, Massachusetts",
   edition = "Second",
   month = "10~" # jan,
   year = "{\noopsort{1973b}}1973",
   type = "Section",
   chapter = "1.2",
   pages = "10--119",
   note = "This is a full INBOOK entry",
}

@INBOOK{inbook-crossref,
   crossref = "whole-set",
   title = "Fundamental Algorithms",
   volume = 1,
   series = "The Art of Computer Programming",
   edition = "Second",
   year = "{\noopsort{1973b}}1973",
   type = "Section",
   chapter = "1.2",
   note = "This is a cross-referencing INBOOK entry",
}

@BOOK{book-minimal,
   author = "Donald E. Knuth",
   title = "Seminumerical Algorithms",
   publisher = "Addison-Wesley",
   year = "{\noopsort{1973c}}1981",
}

@BOOK{book-full,
   author = "Donald E. Knuth",
   title = "Seminumerical Algorithms",
   volume = 2,
   series = "The Art of Computer Programming",
   publisher = "Addison-Wesley",
   address = "Reading, Massachusetts",
   edition = "Second",
   month = "10~" # jan,
   year = "{\noopsort{1973c}}1981",
   note = "This is a full BOOK entry",
}

@BOOK{book-crossref,
   crossref = "whole-set",
   title = "Seminumerical Algorithms",
   volume = 2,
   series = "The Art of Computer Programming",
   edition = "Second",
   year = "{\noopsort{1973c}}1981",
   note = "This is a cross-referencing BOOK entry",
}

@BOOK{whole-set,
   author = "Donald E. Knuth",
   publisher = "Addison-Wesley",
   title = "The Art of Computer Programming",
   series = "Four volumes",
   year = "{\noopsort{1973a}}{\switchargs{--90}{1968}}",
   note = "Seven volumes planned (this is a cross-referenced set of BOOKs)",
}

@BOOKLET{booklet-minimal,
   key = "Kn{\printfirst{v}{1987}}",
   title = "The Programming of Computer Art",
}

@BOOKLET{booklet-full,
   author = "Jill C. Knvth",
   title = "The Programming of Computer Art",
   howpublished = "Vernier Art Center",
   address = "Stanford, California",
   month = feb,
   year = 1988,
   note = "This is a full BOOKLET entry",
}

@INCOLLECTION{incollection-minimal,
   author = "Daniel D. Lincoll",
   title = "Semigroups of Recurrences",
   booktitle = "High Speed Computer and Algorithm Organization",
   publisher = "Academic Press",
   year = 1977,
}

@INCOLLECTION{incollection-full,
   author = "Daniel D. Lincoll",
   title = "Semigroups of Recurrences",
   editor = "David J. Lipcoll and D. H. Lawrie and A. H. Sameh",
   booktitle = "High Speed Computer and Algorithm Organization",
   number = 23,
   series = "Fast Computers",
   chapter = 3,
   type = "Part",
   pages = "179--183",
   publisher = "Academic Press",
   address = "New York",
   edition = "Third",
   month = sep,
   year = 1977,
   note = "This is a full INCOLLECTION entry",
}

@INCOLLECTION{incollection-crossref,
   crossref = "whole-collection",
   author = "Daniel D. Lincoll",
   title = "Semigroups of Recurrences",
   pages = "179--183",
   note = "This is a cross-referencing INCOLLECTION entry",
}

@BOOK{whole-collection,
   editor = "David J. Lipcoll and D. H. Lawrie and A. H. Sameh",
   title = "High Speed Computer and Algorithm Organization",
   booktitle = "High Speed Computer and Algorithm Organization",
   number = 23,
   series = "Fast Computers",
   publisher = "Academic Press",
   address = "New York",
   edition = "Third",
   month = sep,
   year = 1977,
   note = "This is a cross-referenced BOOK (collection) entry",
}

@MANUAL{manual-minimal,
   key = "Manmaker",
   title = "The Definitive Computer Manual",
}

@MANUAL{manual-full,
   author = "Larry Manmaker",
   title = "The Definitive Computer Manual",
   organization = "Chips-R-Us",
   address = "Silicon Valley",
   edition = "Silver",
   month = apr # "-" # may,
   year = 1986,
   note = "This is a full MANUAL entry",
}

@MASTERSTHESIS{mastersthesis-minimal,
   author = "{\'{E}}douard Masterly",
   title = "Mastering Thesis Writing",
   school = "Stanford University",
   year = 1988,
}

@MASTERSTHESIS{mastersthesis-full,
   author = "{\'{E}}douard Masterly",
   title = "Mastering Thesis Writing",
   school = "Stanford University",
   type = "Master's project",
   address = "English Department",
   month = jun # "-" # aug,
   year = 1988,
   note = "This is a full MASTERSTHESIS entry",
}

@MISC{misc-minimal,
   key = "Missilany",
   note = "This is a minimal MISC entry",
}

@MISC{misc-full,
   author = "Joe-Bob Missilany",
   title = "Handing out random pamphlets in airports",
   howpublished = "Handed out at O'Hare",
   month = oct,
   year = 1984,
   note = "This is a full MISC entry",
}

@STRING{STOC-key = "OX{\singleletter{stoc}}"}

@STRING{ACM = "The OX Association for Computing Machinery"}

@STRING{STOC = " Symposium on the Theory of Computing"}

@INPROCEEDINGS{inproceedings-minimal,
   author = "Alfred V. Oaho and Jeffrey D. Ullman and Mihalis Yannakakis",
   title = "On Notions of Information Transfer in {VLSI} Circuits",
   booktitle = "Proc. Fifteenth Annual ACM" # STOC,
   year = 1983,
}

@INPROCEEDINGS{inproceedings-full,
   author = "Alfred V. Oaho and Jeffrey D. Ullman and Mihalis Yannakakis",
   title = "On Notions of Information Transfer in {VLSI} Circuits",
   editor = "Wizard V. Oz and Mihalis Yannakakis",
   booktitle = "Proc. Fifteenth Annual ACM" # STOC,
   number = 17,
   series = "All ACM Conferences",
   pages = "133--139",
   month = mar,
   year = 1983,
   address = "Boston",
   organization = ACM,
   publisher = "Academic Press",
   note = "This is a full INPROCEDINGS entry",
}

@INPROCEEDINGS{inproceedings-crossref,
   crossref = "whole-proceedings",
   author = "Alfred V. Oaho and Jeffrey D. Ullman and Mihalis Yannakakis",
   title = "On Notions of Information Transfer in {VLSI} Circuits",
   organization = "",
   pages = "133--139",
   note = "This is a cross-referencing INPROCEEDINGS entry",
}

@PROCEEDINGS{proceedings-minimal,
   key = STOC-key,
   title = "Proc. Fifteenth Annual" # STOC,
   year = 1983,
}

@PROCEEDINGS{proceedings-full,
   editor = "Wizard V. Oz and Mihalis Yannakakis",
   title = "Proc. Fifteenth Annual" # STOC,
   number = 17,
   series = "All ACM Conferences",
   month = mar,
   year = 1983,
   address = "Boston",
   organization = ACM,
   publisher = "Academic Press",
   note = "This is a full PROCEEDINGS entry",
}

@PROCEEDINGS{whole-proceedings,
   key = STOC-key,
   organization = ACM,
   title = "Proc. Fifteenth Annual" # STOC,
   address = "Boston",
   year = 1983,
   booktitle = "Proc. Fifteenth Annual ACM" # STOC,
   note = "This is a cross-referenced PROCEEDINGS",
}

@PHDTHESIS{phdthesis-minimal,
   author = "F. Phidias Phony-Baloney",
   title = "Fighting Fire with Fire: Festooning {F}rench Phrases",
   school = "Fanstord University",
   year = 1988,
}

@PHDTHESIS{phdthesis-full,
   author = "F. Phidias Phony-Baloney",
   title = "Fighting Fire with Fire: Festooning {F}rench Phrases",
   school = "Fanstord University",
   type = "{PhD} Dissertation",
   address = "Department of French",
   month = jun # "-" # aug,
   year = 1988,
   note = "This is a full PHDTHESIS entry",
}

@TECHREPORT{techreport-minimal,
   author = "Tom Terrific",
   title = "An {$O(n \log n / \! \log\log n)$} Sorting Algorithm",
   institution = "Fanstord University",
   year = 1988,
}

@TECHREPORT{techreport-full,
   author = "Tom T{\'{e}}rrific",
   title = "An {$O(n \log n / \! \log\log n)$} Sorting Algorithm",
   institution = "Fanstord University",
   type = "Wishful Research Result",
   number = "7",
   address = "Computer Science Department, Fanstord, California",
   month = oct,
   year = 1988,
   note = "This is a full TECHREPORT entry",
}

@UNPUBLISHED{unpublished-minimal,
   author = "Ulrich {\"{U}}nderwood and Ned {\~N}et and Paul {\={P}}ot",
   title = "Lower Bounds for Wishful Research Results",
   note = "Talk at Fanstord University (this is a minimal UNPUBLISHED entry)",
}

@UNPUBLISHED{unpublished-full,
   author = "Ulrich {\"{U}}nderwood and Ned {\~N}et and Paul {\={P}}ot",
   title = "Lower Bounds for Wishful Research Results",
   month = nov # ", " # dec,
   year = 1988,
   note = "Talk at Fanstord University (this is a full UNPUBLISHED entry)",
}

@MISC{random-note-crossref,
   key = {Volume-2},
   note = "Volume~2 is listed under Knuth \cite{book-full}"
}
